<collection xmlns="http://www.loc.gov/MARC21/slim">
   <record>
      <leader>04945nam a2200421 i 4500</leader>
      <controlfield tag="001">6786273</controlfield>
      <controlfield tag="003">FlBoTFG</controlfield>
      <controlfield tag="005">20150115163111.0</controlfield>
      <controlfield tag="006">m|||||o||d||||||||</controlfield>
      <controlfield tag="007">cr||||</controlfield>
      <controlfield tag="008">150115t20152015oncad   ob    001 0 eng d</controlfield>
      <datafield ind1=" " ind2=" " tag="020">
         <subfield code="a">9781482257632 (e-book : PDF)</subfield>
      </datafield>
      <datafield ind1=" " ind2=" " tag="035">
         <subfield code="a">ocn897069769</subfield>
      </datafield>
      <datafield ind1=" " ind2=" " tag="039">
         <subfield code="a">exclude</subfield>
      </datafield>
      <datafield ind1=" " ind2=" " tag="040">
         <subfield code="a">FlBoTFG</subfield>
         <subfield code="b">eng</subfield>
         <subfield code="e">rda</subfield>
         <subfield code="c">FlBoTFG</subfield>
         <subfield code="d">AEU</subfield>
      </datafield>
      <datafield ind1=" " ind2="4" tag="050">
         <subfield code="a">QC30</subfield>
         <subfield code="b">.P49 2015</subfield>
      </datafield>
      <datafield ind1=" " ind2=" " tag="090">
         <subfield code="a">Internet Access</subfield>
         <subfield code="b">AEU</subfield>
      </datafield>
      <datafield ind1="0" ind2="0" tag="245">
         <subfield code="a">Physics and chemistry of classical materials :</subfield>
         <subfield code="b">applied research and concepts /</subfield>
         <subfield code="c">edited by Ewa Kłodzińska, PhD, A.K. Haghi, PhD, and Gennady E. Zaikov, DSc.</subfield>
      </datafield>
      <datafield ind1=" " ind2="1" tag="264">
         <subfield code="a">Oakville, ON :</subfield>
         <subfield code="b">Apple Academic Press, Inc. ;</subfield>
         <subfield code="a">Boca Raton, FL :</subfield>
         <subfield code="b">CRC Press,</subfield>
         <subfield code="c">2015.</subfield>
      </datafield>
      <datafield ind1=" " ind2="4" tag="264">
         <subfield code="c">©2015</subfield>
      </datafield>
      <datafield ind1=" " ind2=" " tag="300">
         <subfield code="a">1 online resource.</subfield>
      </datafield>
      <datafield ind1=" " ind2=" " tag="336">
         <subfield code="a">text</subfield>
         <subfield code="2">rdacontent</subfield>
         <subfield code="0">http://id.loc.gov/vocabulary/contentTypes/txt</subfield>
      </datafield>
      <datafield ind1=" " ind2=" " tag="337">
         <subfield code="a">computer</subfield>
         <subfield code="2">rdamedia</subfield>
         <subfield code="0">http://id.loc.gov/vocabulary/mediaTypes/c</subfield>
      </datafield>
      <datafield ind1=" " ind2=" " tag="338">
         <subfield code="a">online resource</subfield>
         <subfield code="2">rdacarrier</subfield>
         <subfield code="0">http://id.loc.gov/vocabulary/carriers/cr</subfield>
      </datafield>
      <datafield ind1=" " ind2=" " tag="504">
         <subfield code="a">Includes bibliographical references and index.</subfield>
      </datafield>
      <datafield ind1="0" ind2=" " tag="505">
         <subfield code="a">A lecture note on quantum-chemical calculation of molecular of 1-[2-(O-Acetylmethyl)-3-O-Acetyl-2-Ethyl]-Methyldichlorinephosphite (I) and components of its synthesis / V.A. Babkin [and four others] -- Quantum-chemical lecture note on the mechanism of synthesis of 1-[2-(O-Acetylmethyl)-3-O-Acetyl-2-Ethyl]-Methyldichlorinephosphite / V.A. Babkin [and four others] -- A lecture note on the effect of antioxidant compounds on oxidative stress in unicellular aquatic organisms / O.V. Karpukhina, K.Z. Gumargalieva, and A.N. Inozemtsev -- On the diffusion of ammonium salts in aqueous solutions / Luís M.P. Veríssimo [and four others] -- A lecture note on influence of electric current on the oxidation process of conductive polymer compositions / E.O. Sazonova, and I.A. Kirsh -- A technical note on quantum and wave characteristics of spatial-energy interactions / G.A. Korablev, and G.E. Zaikov -- A technical note on nanocomposites poly (vinyl chloride)/organoclay flame-resistance / I.V. Dolbin, G.V. Kozlov, G.E. Zaikov, and A.K. Mikitaev -- A short note on reinforcement mechanism of polymer nano composites / G.V. Kozlov, K.S. Dibirova, G.M. Magomedov, and G.E. Zaikov -- A research note on reinforcement degree of semicrystalline polymers as natural hybrid nanocomposites / G.M. Magomedov, K.S. Dibirova, G.V. Kozlov, and G.E. Zaikov -- Kinetic modeling of polystyrene controlled radical polymerization / Nikolai V. Ulitin [and four others] -- A research note on semi empirical and DFT modeling of the IR spectra of benzoyl peroxide derivatives / N.A. Turovskij [and five others] -- Polyelectrolyte ensym-bearing microdiagnosticum : a new step in clinical-biochemistry analysis / Sergey A. Tikhonenko, Alexei V. Dubrovsky, Ekaterina A. Saburova, and Lyudmila I. Shabarchina -- A research note on transport properties of films of chitosan amikacin / A.S. shurshina, E.I. Kulish, and S.V. Kolesov -- Crystalline phase morphology in polymer/organoclay nanocomposites / K.S. Dibirova, G.V. Kozlov, G.M. Magomedov, and G.E. Zaikov -- Achievements in design and synthesis of hydrogel-based supports / D. Horák, and H. Hlídková -- Structural changes in synthetic minerals / A.M. Ignatova, and M.N. Ignatov -- A research note on ozonation as a method of unsaturated rubber modification for improving its adhesion properties / V.F. Koblov [and five others] -- A research note on the intumescent fire and heat retardant coatings based on perchlorovinyl resin for fiberglass plastics / V.F. Kablov [and four others] -- A lecture note on influence of hidrophylic filler on fire resistance of epoxy composites / V.F. Kablov [and four others] -- Polyelectrolyte microsensors as a new tool for metabolites' detection / Kazakova L.I., Sukhorukov G.B., and Shabarchina L. I. -- Simulation in classical nanomaterials : new development and achievements / Shima Maghsoodlou and Arezoo Afzali.</subfield>
      </datafield>
      <datafield ind1=" " ind2=" " tag="506">
         <subfield code="a">Access restricted to authorized users and institutions.</subfield>
      </datafield>
      <datafield ind1=" " ind2=" " tag="596">
         <subfield code="a">44</subfield>
      </datafield>
      <datafield ind1=" " ind2="0" tag="650">
         <subfield code="a">Physics</subfield>
         <subfield code="x">Research.</subfield>
         <subfield code="0">http://id.loc.gov/authorities/subjects/sh85101666</subfield>
      </datafield>
      <datafield ind1=" " ind2="0" tag="650">
         <subfield code="a">Chemistry</subfield>
         <subfield code="x">Research.</subfield>
         <subfield code="0">http://id.loc.gov/authorities/subjects/sh85023006</subfield>
      </datafield>
      <datafield ind1="1" ind2=" " tag="700">
         <subfield code="a">Kłodzińska, Ewa,</subfield>
         <subfield code="e">editor.</subfield>
         <subfield code="0">http://id.loc.gov/authorities/names/n2015003951</subfield>
      </datafield>
      <datafield ind1="1" ind2=" " tag="700">
         <subfield code="a">Haghi, A. K.,</subfield>
         <subfield code="e">editor.</subfield>
         <subfield code="0">http://id.loc.gov/authorities/names/n2009021817</subfield>
         <subfield code="0">http://viaf.org/viaf/86245265</subfield>
      </datafield>
      <datafield ind1="1" ind2=" " tag="700">
         <subfield code="a">Zaikov, G. E.</subfield>
         <subfield code="q">(Gennadiĭ Efremovich),</subfield>
         <subfield code="d">1935-</subfield>
         <subfield code="e">editor.</subfield>
         <subfield code="0">http://id.loc.gov/authorities/names/n81072864</subfield>
      </datafield>
      <datafield ind1=" " ind2=" " tag="758">
         <subfield code="0">http://worldcat.org/entity/work/id/24339415</subfield>
      </datafield>
      <datafield ind1="0" ind2=" " tag="787">
         <subfield code="n">OCLC Work Id</subfield>
         <subfield code="o">http://worldcat.org/entity/work/id/24339415</subfield>
      </datafield>
      <datafield ind1="4" ind2="0" tag="856">
         <subfield code="3">University of Alberta Access</subfield>
         <subfield code="u">http://marc.crcnetbase.com/isbn/9781482257632</subfield>
         <subfield code="z">(Unlimited Concurrent Users)</subfield>
      </datafield>
      <datafield ind1=" " ind2=" " tag="949">
         <subfield code="h">UAIN</subfield>
         <subfield code="z">CRC</subfield>
      </datafield>
      <datafield ind1=" " ind2=" " tag="926">
         <subfield code="a">Internet Access</subfield>
         <subfield code="w">LC</subfield>
         <subfield code="c">1</subfield>
         <subfield code="i">6786273-1001</subfield>
         <subfield code="l">INTERNET</subfield>
         <subfield code="m">UAINTERNET</subfield>
         <subfield code="r">Y</subfield>
         <subfield code="s">Y</subfield>
         <subfield code="t">E-RESOURCE</subfield>
         <subfield code="u">1/20/2015</subfield>
         <subfield code="x">E-BOOK</subfield>
         <subfield code="z">CRC</subfield>
      </datafield>
   </record>
</collection>
